@article{fft-hardware,
author = {Slade, George},
year = {2013},
month = {03},
pages = {},
title = {The Fast Fourier Transform in Hardware: A Tutorial Based on an FPGA Implementation}
}
